@Comment { Citations:  }
@article{pena2014complete,
  title={A complete and efficient CUDA-sharing solution for HPC clusters},
  author={Pe{\~n}a, Antonio J and Rea{\~n}o, Carlos and Silla, Federico and Mayo, Rafael and Quintana-Ort{\'\i}, Enrique S and Duato, Jos{\'e}},
  journal={Parallel Computing},
  volume={40},
  number={10},
  pages={574--588},
  year={2014},
  publisher={Elsevier}
},
@Comment { cuda, biomedical imaging }
@inproceedings{luebke2008cuda,
  title={CUDA: Scalable parallel programming for high-performance scientific computing},
  author={Luebke, David},
  booktitle={Biomedical Imaging: From Nano to Macro, 2008. ISBI 2008. 5th IEEE International Symposium on},
  pages={836--838},
  year={2008},
  organization={IEEE}
},
@Comment { Citations: powerpoint, facts, figures }
@inproceedings{cuda_talk,
  title={NVIDIA CUDA software and GPU parallel computing architecture},
  author={Kirk, David and others},
  booktitle={ISMM},
  volume={7},
  pages={103--104},
  year={2007}
},
@Comment { Citations:  }
@inproceedings{giles2008gpu,
  title={GPUs-the next big advance in HPC},
  author={Giles, Mike},
  booktitle={Reconfigurable Supercomputing Conference (MRSC), Belfast, Northern Ireland},
  year={2008}
},
@Comment { Citations:  }
@article{richardson2008utilisation,
  title={Utilisation of the GPU architecture for HPC},
  author={Richardson, A and Gray, A},
  journal={EPCC, The University of Edinburgh},
  year={2008}
},
@Comment { Citations:  }
@article{yang2011hybrid,
  title={Hybrid CUDA, OpenMP, and MPI parallel programming on multicore GPU clusters},
  author={Yang, Chao-Tung and Huang, Chih-Lin and Lin, Cheng-Fang},
  journal={Computer Physics Communications},
  volume={182},
  number={1},
  pages={266--269},
  year={2011},
  publisher={Elsevier}
},
@Comment { Citations:  }
@inproceedings{villa2014scaling,
  title={Scaling the power wall: a path to exascale},
  author={Villa, Oreste and Johnson, Daniel R and O'Connor, Mike and Bolotin, Evgeny and Nellans, David and Luitjens, Justin and Sakharnykh, Nikolai and Wang, Peng and Micikevicius, Paulius and Scudiero, Anthony and others},
  booktitle={Proceedings of the International Conference for High Performance Computing, Networking, Storage and Analysis},
  pages={830--841},
  year={2014},
  organization={IEEE Press}
},
@Comment { Citations:  }
@inproceedings{zhang2009cuda,
  title={CUDA-based Jacobi's iterative method},
  author={Zhang, Zhihui and Miao, Qinghai and Wang, Ying},
  booktitle={2009 International Forum on Computer Science-Technology and Applications},
  volume={1},
  pages={259--262},
  year={2009},
  organization={IEEE}
},
@Comment { Top500 }
@online{top500,
	author={{TOP500.org}},
	title={Top 10 {Sites} for {November} 2018},
	year={2018},
	url={\url{https://www.top500.org/lists/2018/11/}},
	urldate = {2019-02-18}
},
@Comment {}
@online{humanbrain,
    author = {Mindy Weisberger,LiveScience},
    title = {A {New} {Supercomputer} is the {World’s} {Fastest} {Brain-Mimicking} {Machine}},
    year = 2018,
    url = {\url{https://www.scientificamerican.com/article/a-new-supercomputer-is-the-worlds-fastest-brain-mimicking-machine/}},
    urldate = {2019-02-18}
},
@Comment {}
@online{nuclear,
    author = {Sarah Scoles},
    title = {This {Bomb-Simulating} {US} {Supercomputer} {Broke} a {World} {Record}},
    year = {2018},
    url = {\url{https://www.wired.com/story/this-bomb-simulating-us-supercomputer-broke-a-world-record/}},
    urldate = {2019-02-18}
},
@Comment {}
@online{metoffice,
    author = {MET Office},
    title = {Unified {Model}},
    year = {2018},
    url = {\url{https://www.metoffice.gov.uk/research/modelling-systems/unified-model}},
    urldate = {2019-02-18}
},
@Comment { PARTISN, LANL }
@techreport{partisn,
  title={A brief user's guide for {PARTISN}},
  author={Favorite, Jeffrey A},
  year={2011},
  institution={Los Alamos National Lab.(LANL), Los Alamos, NM (United States)}
},
@Comment { mini-apps }
@article{miniapps,
  title={Improving performance via mini-applications},
  author={Heroux, Michael A and Doerfler, Douglas W and Crozier, Paul S and Willenbring, James M and Edwards, H Carter and Williams, Alan and Rajan, Mahesh and Keiter, Eric R and Thornquist, Heidi K and Numrich, Robert W},
  journal={Sandia National Laboratories, Tech. Rep. SAND2009-5574},
  volume={3},
  year={2009}
},
@Comment { mini-app, exascale }
@article{mallinson2013cloverleaf,
  title={Cloverleaf: Preparing hydrodynamics codes for exascale},
  author={Mallinson, AC and Beckingsale, David A and Gaudin, WP and Herdman, JA and Levesque, JM and Jarvis, Stephen A},
  journal={The Cray User Group},
  volume={2013},
  year={2013}
},
@Comment { grid, cloud, cluster, computing }
@article{computing_compare,
  title={A comparative analysis: Grid, cluster and cloud computing},
  author={Kaur, Kiranjot and Rai, Anjandeep Kaur},
  journal={International Journal of Advanced Research in Computer and Communication Engineering},
  volume={3},
  number={3},
  pages={5730--5734},
  year={2014}
},
@Comment { moore's law }
@article{mooreslaw,
  title={The chips are down for Moore’s law},
  author={Waldrop, M Mitchell},
  journal={Nature News},
  volume={530},
  number={7589},
  pages={144},
  year={2016}
},
@Comment { cuda api }
@online{cuda,
    author = {NVIDIA},
    title = {CUDA Toolkit Documentation},
    year = 2018,
    url = {https://docs.nvidia.com/cuda/},
    urldate = {2019-02-19}
},
@Comment { cuda, deep learning }
@article{tang2013deep,
  title={Deep learning using linear support vector machines},
  author={Tang, Yichuan},
  journal={arXiv preprint arXiv:1306.0239},
  year={2013}
},

@Comment { --- related work --- }
@Comment {  }
@inproceedings{deakin2015gpu,
  title={Gpu-stream: Benchmarking the achievable memory bandwidth of graphics processing units},
  author={Deakin, Tom and McIntosh-Smith, Simon},
  booktitle={IEEE/ACM SuperComputing},
  pages={3202--3216},
  year={2015}
},
@Comment {  }
@article{baker2017sn,
  title={An sn algorithm for modern architectures},
  author={Baker, Randal S},
  journal={Nuclear science and engineering},
  volume={185},
  number={1},
  pages={107--116},
  year={2017},
  publisher={Taylor \& Francis}
},
@Comment {  }
@inproceedings{deakin2016many,
  title={Many-core acceleration of a discrete ordinates transport mini-app at extreme scale},
  author={Deakin, Tom and McIntosh-Smith, Simon and Gaudin, Wayne},
  booktitle={International Conference on High Performance Computing},
  pages={429--448},
  year={2016},
  organization={Springer}
},
@Comment {  }
@article{hawkins2012efficient,
  title={Efficient massively parallel transport sweeps},
  author={Hawkins, W Daryl and Smith, Timmie and Adams, Michael P and Rauchwerger, Lawrence and Amato, Nancy and Adams, Marvin L},
  journal={Trans. Amer. Nucl. Soc},
  volume={107},
  pages={477--481},
  year={2012},
  publisher={Citeseer}
},
@Comment {  }
@inproceedings{xiao2010inter,
  title={Inter-block GPU communication via fast barrier synchronization},
  author={Xiao, Shucai and Feng, Wu-chun},
  booktitle={2010 IEEE International Symposium on Parallel \& Distributed Processing (IPDPS)},
  pages={1--12},
  year={2010},
  organization={IEEE}
},
@Comment { miniapps }
@article{messer2018miniapps,
  title={MiniApps derived from production HPC applications using multiple programing models},
  author={Messer, OE Bronson and D’Azevedo, Ed and Hill, Judy and Joubert, Wayne and Berrill, Mark and Zimmer, Christopher},
  journal={The International Journal of High Performance Computing Applications},
  volume={32},
  number={4},
  pages={582--593},
  year={2018},
  publisher={SAGE Publications Sage UK: London, England}
},
@Comment { performance }
@inproceedings{martineau2017productivity,
  title={The productivity, portability and performance of openMP 4.5 for scientific applications targeting intel CPUs, IBM CPUs, and NVIDIA GPUs},
  author={Martineau, Matt and McIntosh-Smith, Simon},
  booktitle={International Workshop on OpenMP},
  pages={185--200},
  year={2017},
  organization={Springer}
},
@Comment { }
@inproceedings{baker2012high,
  title={High performance radiation transport simulations: preparing for Titan},
  author={Baker, Christopher and Davidson, Gregory and Evans, Thomas M and Hamilton, Steven and Jarrell, Joshua and Joubert, Wayne},
  booktitle={Proceedings of the International Conference on High Performance Computing, Networking, Storage and Analysis},
  pages={47},
  year={2012},
  organization={IEEE Computer Society Press}
},
@Comment { scaling, strong, weak }
@article{shoukourian2014predicting,
  title={Predicting the energy and power consumption of strong and weak scaling HPC applications},
  author={Shoukourian, Hayk and Wilde, Torsten and Auweter, Axel and Bode, Arndt},
  journal={Supercomputing frontiers and innovations},
  volume={1},
  number={2},
  pages={20--41},
  year={2014}
},
@Comment { strong scaling, gpu }
@article{glaser2015strong,
  title={Strong scaling of general-purpose molecular dynamics simulations on GPUs},
  author={Glaser, Jens and Nguyen, Trung Dac and Anderson, Joshua A and Lui, Pak and Spiga, Filippo and Millan, Jaime A and Morse, David C and Glotzer, Sharon C},
  journal={Computer Physics Communications},
  volume={192},
  pages={97--107},
  year={2015},
  publisher={Elsevier}
},
@Comment { biochemical, simulation, gpu, pre-existing }
@article{zhou2011gpu,
  title={GPU accelerated biochemical network simulation},
  author={Zhou, Yanxiang and Liepe, Juliane and Sheng, Xia and Stumpf, Michael PH and Barnes, Chris},
  journal={Bioinformatics},
  volume={27},
  number={6},
  pages={874--876},
  year={2011},
  publisher={Oxford University Press}
},
@Comment { gpu, behaviour, hpc }
@inproceedings{debardeleben2013gpu,
  title={GPU behavior on a large HPC cluster},
  author={DeBardeleben, Nathan and Blanchard, Sean and Monroe, Laura and Romero, Phil and Grunau, Daryl and Idler, Craig and Wright, Cornell},
  booktitle={European Conference on Parallel Processing},
  pages={680--689},
  year={2013},
  organization={Springer}
},
@Comment {}
@inproceedings{messer2015developing,
  title={Developing miniapps on modern platforms using multiple programming models},
  author={Messer, OE Bronson and DAzevedo, E and Hill, J and Joubert, Wayne and Laosooksathit, S and Tharrington, A},
  booktitle={2015 IEEE International Conference on Cluster Computing},
  pages={753--759},
  year={2015},
  organization={IEEE}
},